% Encoding: UTF-8

@Book{midi_Praxisbuch,
  title     = {Das MIDI Praxisbuch},
  publisher = {Signum Medien-Verlag},
  year      = {1988},
  author    = {Aicher, Richard},
  isbn      = {3-924767-12-2},
}

@Book{computer_musican,
  title     = {Becoming a Computer Musician},
  publisher = {Sams Publishing},
  year      = {1994},
  author    = {Jeff Bowen},
  isbn      = {0-672-30513-5},
}

@Misc{midi_spec,
  author       = {MIDI Association},
  title        = {MIDI Specifications},
  howpublished = {Internet: \url{https://www.midi.org/specifications}},
  year         = {1983},
  note         = {Die ursprünglichen Dokumente werden heute als Scans im PDF-Format über die Webseite der MIDI-Association verteilt.},
}

@Misc{grandmeister36,
  author       = {Hughes \& Kettner},
  title        = {Grandmeister 36},
  howpublished = {Internet: \url{http://hughes-and-kettner.com/wp-content/uploads/2014/03/BDA_GrandMeister_1_4_7spr.pdf}},
}

@Book{einstieg_python1,
  title     = {Einstieg in Python},
  publisher = {Rheinwerk Verlag GmbH},
  year      = {2014},
  author    = {Theis, Thomas},
  isbn      = {978-3-8362-2861-9},
  date      = {2014-05-11},
  ean       = {9783836228619},
  pagetotal = {478},
  url       = {http://www.ebook.de/de/product/21817786/thomas_theis_einstieg_in_python.html},
}

@Book{raspberry_handbuch,
  title     = {Raspberry Pi - Das Handbuch},
  publisher = {Springer Fachmedien Wiesbaden},
  year      = {2013},
  author    = {Dembowski, Klaus},
  isbn      = {978-3-658-03167-1},
  date      = {2013-08-13},
  ean       = {9783658031671},
}

@Misc{gpio_python,
  author       = {Ben Croston},
  title        = {raspberry-gpio-python},
  howpublished = {\\Internet: \url{https://sourceforge.net/p/raspberry-gpio-python}},
  note         = {Quellcode und Dokumentation zum Python Modul},
}

@Misc{rtmidi,
  author       = {Arndt, Chris},
  title        = {python-rtmidi},
  howpublished = {\url{https://github.com/SpotlightKid/python-rtmidi}},
  note         = {Quellcode und Dokumentation des Python Modul},
}

@Misc{elementree,
  author       = {Python3-Dokumentation},
  title        = {ElementTree},
  howpublished = {\url{https://docs.python.org/3/library/xml.etree.elementtree.html}},
  note         = {Dokumentation des Python Moduls},
}

@Comment{jabref-meta: databaseType:bibtex;}
